<?xml version="1.0" encoding="UTF-8"?><record xmlns="http://www.loc.gov/MARC21/slim" xmlns:cinclude="http://apache.org/cocoon/include/1.0" xmlns:zs="http://www.loc.gov/zing/srw/">
  <leader>00516nz  a2200145n  4500</leader>
  <controlfield tag="001">n 2009202163</controlfield>
  <controlfield tag="003">DLC</controlfield>
  <controlfield tag="005">20100114075528.0</controlfield>
  <controlfield tag="008">100113n| acannaabn          |b aaa      </controlfield>
  <datafield tag="010" ind1=" " ind2=" ">
    <subfield code="a">n 2009202163</subfield>
  </datafield>
  <datafield tag="040" ind1=" " ind2=" ">
    <subfield code="a">DLC</subfield>
    <subfield code="b">eng</subfield>
    <subfield code="c">DLC</subfield>
  </datafield>
  <datafield tag="100" ind1="1" ind2=" ">
    <subfield code="a">Zhou, Fuyuan,</subfield>
    <subfield code="d">1956-</subfield>
  </datafield>
  <datafield tag="400" ind1="1" ind2=" ">
    <subfield code="a">周福源,</subfield>
    <subfield code="d">1956-</subfield>
  </datafield>
  <datafield tag="667" ind1=" " ind2=" ">
    <subfield code="a">Non-Latin script references not evaluated.</subfield>
  </datafield>
  <datafield tag="670" ind1=" " ind2=" ">
    <subfield code="a">Ming yue chu tian shan, 2007:</subfield>
    <subfield code="b">t.p. (周福源 = Zhou Fuyuan) back flap (b. Feb. 29, 1956; grad. Fak. Teknik, Jur. Arsitektur , Univ. Katholik Parahyangan, 1982)</subfield>
  </datafield>
</record>